<?xml version="1.0" encoding="UTF-8"?><collection xmlns="http://www.loc.gov/MARC21/slim"><record><leader>00337nam--2200133-i-4500</leader><controlfield tag="001">000031392</controlfield><controlfield tag="002">20161230</controlfield><controlfield tag="005">20161230201038</controlfield><controlfield tag="008">060222s1000------------r-----000-0-eng-d</controlfield><datafield ind1=" " ind2=" " tag="080"><subfield code="a">539.1.073.7:681.3</subfield></datafield><datafield ind1=" " ind2=" " tag="100"><subfield code="a">Macleod, G.R</subfield></datafield><datafield ind1=" " ind2=" " tag="245"><subfield code="a">New programmes with library facilities</subfield></datafield><datafield ind1=" " ind2=" " tag="260"><subfield code="a">(F.Loc. Si F. Data) 9p. + 5 Fig</subfield></datafield><datafield ind1=" " ind2=" " tag="852"><subfield code="a">20114</subfield></datafield></record></collection>